<collection xmlns="http://www.loc.gov/MARC21/slim">
<record>
  <leader>04117nam0a2200661 i 450 </leader>
  <controlfield tag="001">IT\ICCU\CNCE\016400</controlfield>
  <controlfield tag="005">20100226000000.0</controlfield>
  <datafield tag="012" ind1=" " ind2=" ">
    <subfield code="a">o.e, e.o. o.no PeCh (C) 1524 (R)</subfield>
    <subfield code="2">fei</subfield>
  </datafield>
  <datafield tag="100" ind1=" " ind2=" ">
    <subfield code="a">19970101d1524        0itac0103    ba</subfield>
  </datafield>
  <datafield tag="101" ind1=" " ind2=" ">
    <subfield code="a">ITA</subfield>
  </datafield>
  <datafield tag="102" ind1=" " ind2=" ">
    <subfield code="a">IT</subfield>
  </datafield>
  <datafield tag="200" ind1="1" ind2=" ">
    <subfield code="a">Comedia nuoua del magnifico et celeberrimo poeta signor Galeotto marchese Dal Carretto intitulata Tempio de amore</subfield>
  </datafield>
  <datafield tag="210" ind1=" " ind2=" ">
    <subfield code="e">Stampata nella inclita cita di Venetia</subfield>
    <subfield code="g">per Nicolo Zopino e Vicentio compagno</subfield>
    <subfield code="h">1524 adi IIII de marzo</subfield>
  </datafield>
  <datafield tag="215" ind1=" " ind2=" ">
    <subfield code="a">\112! c.</subfield>
    <subfield code="c">ill.</subfield>
    <subfield code="d">8ʻ</subfield>
  </datafield>
  <datafield tag="620" ind1=" " ind2=" ">
    <subfield code="a">IT</subfield>
    <subfield code="d">Venezia</subfield>
  </datafield>
  <datafield tag="700" ind1=" " ind2="1">
    <subfield code="a">Del_Carretto,</subfield>
    <subfield code="b">Galeotto</subfield>
    <subfield code="3">IT\ICCU\CNCA\004684</subfield>
  </datafield>
  <datafield tag="712" ind1="0" ind2="0">
    <subfield code="a">Zoppino, Niccol ̣&amp; Vincenzo di Paolo</subfield>
    <subfield code="3">IT\ICCU\CNCT\000070</subfield>
    <subfield code="4">650</subfield>
  </datafield>
  <datafield tag="790" ind1=" " ind2="1">
    <subfield code="a">Carreto,</subfield>
    <subfield code="b">Galeotto : del</subfield>
    <subfield code="3">IT\ICCU\CNCA\004685</subfield>
    <subfield code="z">Del_Carretto, Galeotto</subfield>
  </datafield>
  <datafield tag="790" ind1=" " ind2="1">
    <subfield code="a">Carretto,</subfield>
    <subfield code="b">Galeotto</subfield>
    <subfield code="3">IT\ICCU\CNCA\018500</subfield>
    <subfield code="z">Del_Carretto, Galeotto</subfield>
  </datafield>
  <datafield tag="790" ind1=" " ind2="1">
    <subfield code="a">Carretto,</subfield>
    <subfield code="b">Galeotto : dal</subfield>
    <subfield code="3">IT\ICCU\CNCA\023220</subfield>
    <subfield code="z">Del_Carretto, Galeotto</subfield>
  </datafield>
  <datafield tag="790" ind1=" " ind2="1">
    <subfield code="a">Dal_Carretto,</subfield>
    <subfield code="b">Galeotto</subfield>
    <subfield code="3">IT\ICCU\CNCA\023221</subfield>
    <subfield code="z">Del_Carretto, Galeotto</subfield>
  </datafield>
  <datafield tag="791" ind1="0" ind2="2">
    <subfield code="a">Vincenzo di Paolo</subfield>
    <subfield code="3">IT\ICCU\CNCT\000071</subfield>
    <subfield code="z">Zoppino, Niccol ̣&amp; Vincenzo di Paolo</subfield>
  </datafield>
  <datafield tag="801" ind1=" " ind2="3">
    <subfield code="a">IT</subfield>
    <subfield code="b">ICCU</subfield>
    <subfield code="c">20201114</subfield>
  </datafield>
  <datafield tag="899" ind1=" " ind2=" ">
    <subfield code="a">Biblioteca civica Giovanni Canna. Casale Monferrato</subfield>
    <subfield code="1">AL0114</subfield>
    <subfield code="2">TO0 49</subfield>
  </datafield>
  <datafield tag="899" ind1=" " ind2=" ">
    <subfield code="a">Biblioteca della Casa di riposo Lyda Borelli per artisti drammatici. Bologna</subfield>
    <subfield code="1">BO0357</subfield>
    <subfield code="2">UBO LB</subfield>
  </datafield>
  <datafield tag="899" ind1=" " ind2=" ">
    <subfield code="a">Biblioteca della Fondazione Ugo da Como. Lonato</subfield>
    <subfield code="1">BS0092</subfield>
    <subfield code="2">LO1 18</subfield>
  </datafield>
  <datafield tag="899" ind1=" " ind2=" ">
    <subfield code="a">Biblioteca Apostolica Vaticana. Citt ̉del Vaticano</subfield>
    <subfield code="1">EX0001</subfield>
    <subfield code="2">ZCV 01</subfield>
  </datafield>
  <datafield tag="899" ind1=" " ind2=" ">
    <subfield code="a">Biblioteca Bandiniana. Fiesole</subfield>
    <subfield code="1">FI0015</subfield>
    <subfield code="2">ZFI 38</subfield>
  </datafield>
  <datafield tag="899" ind1=" " ind2=" ">
    <subfield code="a">Biblioteca nazionale centrale. Firenze</subfield>
    <subfield code="1">FI0098</subfield>
    <subfield code="2">CFI CF</subfield>
  </datafield>
  <datafield tag="899" ind1=" " ind2=" ">
    <subfield code="a">Biblioteca della Societ ̉economica. Chiavari</subfield>
    <subfield code="1">GE0011</subfield>
    <subfield code="2">LI3 30</subfield>
  </datafield>
  <datafield tag="899" ind1=" " ind2=" ">
    <subfield code="a">Biblioteca civica Berio. Genova</subfield>
    <subfield code="1">GE0036</subfield>
    <subfield code="2">SGE BE</subfield>
  </datafield>
  <datafield tag="899" ind1=" " ind2=" ">
    <subfield code="a">Biblioteca universitaria. Genova</subfield>
    <subfield code="1">GE0038</subfield>
    <subfield code="2">LIG 01</subfield>
  </datafield>
  <datafield tag="899" ind1=" " ind2=" ">
    <subfield code="a">Biblioteca Livia Simoni. Museo teatrale alla Scala. Milano</subfield>
    <subfield code="1">MI0169</subfield>
    <subfield code="2">ZMI 16</subfield>
  </datafield>
  <datafield tag="899" ind1=" " ind2=" ">
    <subfield code="a">Biblioteca nazionale Braidense. Milano</subfield>
    <subfield code="1">MI0185</subfield>
    <subfield code="2">MIL NB</subfield>
  </datafield>
  <datafield tag="899" ind1=" " ind2=" ">
    <subfield code="a">Archivio storico civico e Biblioteca Trivulziana. Milano</subfield>
    <subfield code="1">MI0327</subfield>
    <subfield code="2">LO1 13</subfield>
  </datafield>
  <datafield tag="899" ind1=" " ind2=" ">
    <subfield code="a">Biblioteca civica d&apos;arte Luigi Poletti. Modena</subfield>
    <subfield code="1">MO0059</subfield>
    <subfield code="2">MOD PO</subfield>
  </datafield>
  <datafield tag="899" ind1=" " ind2=" ">
    <subfield code="a">Biblioteca Estense Universitaria. Modena</subfield>
    <subfield code="1">MO0089</subfield>
    <subfield code="2">MOD BE</subfield>
  </datafield>
  <datafield tag="899" ind1=" " ind2=" ">
    <subfield code="a">Biblioteca nazionale Vittorio Emanuele III. Napoli</subfield>
    <subfield code="z">MUTILO</subfield>
    <subfield code="1">NA0079</subfield>
    <subfield code="2">NAP BN</subfield>
  </datafield>
  <datafield tag="899" ind1=" " ind2=" ">
    <subfield code="a">Biblioteca universitaria. Padova</subfield>
    <subfield code="1">PD0158</subfield>
    <subfield code="2">PUV 00</subfield>
  </datafield>
  <datafield tag="899" ind1=" " ind2=" ">
    <subfield code="a">Biblioteca Oliveriana. Pesaro</subfield>
    <subfield code="1">PU0061</subfield>
    <subfield code="2">URB OL</subfield>
  </datafield>
  <datafield tag="899" ind1=" " ind2=" ">
    <subfield code="a">Biblioteca comunale Classense. Ravenna</subfield>
    <subfield code="1">RA0036</subfield>
    <subfield code="2">RAV CL</subfield>
  </datafield>
  <datafield tag="899" ind1=" " ind2=" ">
    <subfield code="a">Biblioteca musicale governativa del Conservatorio di musica S. Cecilia. Roma</subfield>
    <subfield code="1">RM0266</subfield>
    <subfield code="2">RMR SC</subfield>
  </datafield>
  <datafield tag="899" ind1=" " ind2=" ">
    <subfield code="a">Biblioteca nazionale centrale. Roma</subfield>
    <subfield code="1">RM0267</subfield>
    <subfield code="2">BVE CR</subfield>
  </datafield>
  <datafield tag="899" ind1=" " ind2=" ">
    <subfield code="a">Biblioteca e Museo teatrale del Burcardo. Roma</subfield>
    <subfield code="1">RM0279</subfield>
    <subfield code="2">RMR BU</subfield>
  </datafield>
  <datafield tag="899" ind1=" " ind2=" ">
    <subfield code="a">Biblioteca universitaria Alessandrina. Roma</subfield>
    <subfield code="1">RM0280</subfield>
    <subfield code="2">RML 01</subfield>
  </datafield>
  <datafield tag="899" ind1=" " ind2=" ">
    <subfield code="a">Biblioteca Casanatense. Roma</subfield>
    <subfield code="1">RM0313</subfield>
    <subfield code="2">RML 07</subfield>
  </datafield>
  <datafield tag="899" ind1=" " ind2=" ">
    <subfield code="a">Biblioteca dell&apos;Accademia nazionale dei Lincei e Corsiniana. Roma</subfield>
    <subfield code="1">RM0418</subfield>
    <subfield code="2">RML 10</subfield>
  </datafield>
  <datafield tag="899" ind1=" " ind2=" ">
    <subfield code="a">Biblioteca comunale degli Intronati. Siena</subfield>
    <subfield code="z">MUTILO</subfield>
    <subfield code="1">SI0046</subfield>
    <subfield code="2">RT1 QI</subfield>
  </datafield>
  <datafield tag="899" ind1=" " ind2=" ">
    <subfield code="a">Biblioteca Reale. Torino</subfield>
    <subfield code="1">TO0263</subfield>
    <subfield code="2">TO0 07</subfield>
  </datafield>
  <datafield tag="899" ind1=" " ind2=" ">
    <subfield code="a">Biblioteca nazionale universitaria. Torino</subfield>
    <subfield code="1">TO0265</subfield>
    <subfield code="2">TO0 02</subfield>
  </datafield>
  <datafield tag="899" ind1=" " ind2=" ">
    <subfield code="a">Biblioteca storica della Provincia di Torino. Torino</subfield>
    <subfield code="1">TO0277</subfield>
    <subfield code="2">TO0 06</subfield>
  </datafield>
  <datafield tag="899" ind1=" " ind2=" ">
    <subfield code="a">Biblioteca dell&apos;Accademia delle scienze. Torino</subfield>
    <subfield code="1">TO0324</subfield>
    <subfield code="2">TO0 17</subfield>
  </datafield>
  <datafield tag="899" ind1=" " ind2=" ">
    <subfield code="a">Biblioteca Storica di Ateneo &quot;Arturo Graf&quot;. Torino</subfield>
    <subfield code="1">TO0529</subfield>
    <subfield code="2">UTO 23</subfield>
  </datafield>
  <datafield tag="899" ind1=" " ind2=" ">
    <subfield code="a">Nuova biblioteca pubblica Luigi Fumi. Orvieto</subfield>
    <subfield code="z">MUTILO</subfield>
    <subfield code="1">TR0022</subfield>
    <subfield code="2">UM1 06</subfield>
  </datafield>
  <datafield tag="899" ind1=" " ind2=" ">
    <subfield code="a">Biblioteca nazionale Marciana. Venezia</subfield>
    <subfield code="z">MUTILO</subfield>
    <subfield code="1">VE0049</subfield>
    <subfield code="2">VEA BM</subfield>
  </datafield>
  <datafield tag="899" ind1=" " ind2=" ">
    <subfield code="a">Biblioteche della Fondazione Giorgio Cini onlus. Venezia</subfield>
    <subfield code="1">VE0239</subfield>
    <subfield code="2">VEA FC</subfield>
  </datafield>
  <datafield tag="911" ind1=" " ind2=" ">
    <subfield code="a">Nel coloph.</subfield>
    <subfield code="9">IT\ICCU\CNCM\000690</subfield>
  </datafield>
  <datafield tag="921" ind1=" " ind2=" ">
    <subfield code="a">IT\ICCU\CNCM\000690</subfield>
    <subfield code="b">S. Nicola seduto nella cattedra episcopale con la mitra, tiene la mano destra alzata e nell&apos;altra le tre palle d&apos;oro su libro. Ai lati  le iniziali N.Z.</subfield>
    <subfield code="c">A99</subfield>
    <subfield code="c">V531</subfield>
    <subfield code="c">Z896</subfield>
    <subfield code="d">Dimensioni: 5 x 5,4Con o senza i nomi NICOLO VICENTIO ai lati della figura</subfield>
    <subfield code="f">S. NICOLA</subfield>
    <subfield code="f">LIBRO</subfield>
    <subfield code="f">PALLE</subfield>
    <subfield code="g">1520-1536</subfield>
  </datafield>
</record>
</collection>
